@article{Whitcher08,
  author = {B Whitcher and  D S Tuch and J J Wisco and A G Sorensen and L Wang},
  title =  {Using the wild bootstrap to quantify uncertainty in diffusion tensor imaging},
  journal = {Human Brain Mapping},
  volume = {29},
  number = {3},
  pages={346-362},
  year = {2008},
}

@inproceedings{Cook06,
  author = "P A Cook and Y Bai and M G Hall and S Nedjati-Gilani and K K Seunarine and G J M Parker and D C Alexander",
  title = "Camino: Open-Source Diffusion-{MRI} Reconstruction and Processing",year = "2006",
  booktitle = "Proceedings of the 14th Scientific Meeting of the International Society for Magnetic Resonance in Medicine",
  pages = 2759,
}

@inproceedings{Jones06,
 author={D K Jones},
 title={Tractography gone wild: Probabilistic tracking using the wild bootstrap.},
 booktitle={Proceedings of the 14th Annual Meeting of the International Society for Magnetic Resonance in Medicine},
 year={2006}
}

@InProceedings{Alexander99,
  author = 	 {D. Alexander and J.C. Gee and R. Bajcsy},
  title = 	 {Similarity Measures for Matching Diffusion Tensor Images},
  booktitle = 	 {Proc. British Machine Vision Conference},
  year = 	 {1999}
}


@Article{Alexander01,
  author = 	 {D.C. Alexander and C. Pierpaoli and P.J. Basser and J.C. Gee},
  title = 	 {Spatial Transformations of Diffusion Tensor Magnetic Resonance Images},
  journal = 	 {IEEE Transactions of Medical Imaging},
  year = 	 {2001},
  OPTvolume = 	 {20},
  OPTnumber = 	 {11},
  OPTpages = 	 {1131-1139},
  OPTmonth = 	 {November}
}


@Article{Zhang01,
  author = 	 {Y Zhang and M Brady and S Smith},
  title = 	 {Segmentation of brain MR images through a hidden Markov random field model and the expectation maximization algorithm},
  journal = 	 {IEEE Trans. on Medical Imaging},
  year = 	 {2001},
  OPTkey = 	 {},
  OPTvolume = 	 {20},
  OPTnumber = 	 {1},
  OPTpages = 	 {45-57}
}

@Article{Behrens03,
  author = 	 {T E J Behrens and H Johansen-Berg and M W Woolrich and S M Smith and C A M Wheeler-Kingshott and P A Boubly and G J Barker and K Sheehan and O Ciccarelli and A J Thompson and J M Brady and P M Matthews},
  title = 	 {Non-invasive mapping of connections between human thalamus and cortex using diffusion imaging},
  journal = 	 {Nature Neuroscience},
  year = 	 {2003},
  OPTkey = 	 {},
  OPTvolume = 	 {6},
  OPTnumber = 	 {7},
  OPTpages = 	 {750-757},
  OPTmonth = 	 {},
  OPTnote = 	 {},
  OPTannote = 	 {}
}

@Article{Yushkevich08,
  author = 	 {P Yushkevich},
  title = 	 {Structure-Specific Statistical Mapping of White Matter Tracts},
  journal = 	 {NeuroImage},
  year = 	 {2008},
  OPTkey = 	 {},
  volume = 	 {41},
  number = 	 {2},
  OPTpages = 	 {448-461},
  OPTmonth = 	 {},
  OPTnote = 	 {},
  OPTannote = 	 {}
}

@Article{Hofer06,
  author = {Hofer, S and Frahm, J},
  title = {Topography of the human corpus callosum revisted - Comprehensive fiber tractography using diffusion tensor magnetic resonance imaging},
  year = {2006},
  journal = {NeuroImage},
  volume = {32},
  pages = {989-994}
}

@Article{Huang05,
  author = 	 {Huang, H and Zhang, J and Jiang, H and Wakana, S and Poetscher, L and Miller, M I and {van Zijl}, P C and Hillis, A E and Wytik, R and Mori, S},
  title = 	 {{DTI} tractography based parcellation of white matter: application to the mid-sagittal morphology of corpus callosum},
  journal = 	 {NeuroImage},
  year = 	 {2005},
  volume = 	 {15},
  pages = 	 {195-205}
}

@InProceedings{Styner05,
  author = 	 {Styner, MA and Oguz, I and Smith, RG and Cascio, C and Jomier, M},
  title = 	 {Corpus Callosum subdivision based on a probablistic model of inter-hemispheric connectivity},
  booktitle = 	 {Medical Image Computing and Computer-Assisted Intervention},
  year = 	 {2005},
  pages =        {765-772},
  volume = 	 {3749 of Lecture Notes in Computer Science}
}

@Article{Arsigny06,
  author = 	 {V Arsigny and P Fillard and X Pennec and N Ayache},
  title = 	 {Log Euclidean metrics for fast and simple calculus of diffusion tensors},
  journal = 	 {Magnetic Resonance in Medicine},
  year = 	 {2006},
  OPTvolume = 	 {56},
  OPTpages = 	 {411-421}
}

@Article{Goldman85,
  author = 	 {P S Goldman-Rakic and L J Porrino},
  title = 	 {The primate mediodorsal ({MD}) nucleus and its projection to the frontal lobe},
  journal = 	 {J. Comp. Neurol},
  year = 	 {1985},
  OPTkey = 	 {},
  OPTvolume = 	 {242},
  OPTnumber = 	 {4},
  OPTpages = 	 {535-560},
  OPTmonth = 	 {},
  OPTnote = 	 {},
  OPTannote = 	 {}
}



@Article{Romanski97,
  author = 	 {L M Romanski and M Giguere and J F Bates and P S Goldman-Rakic},
  title = 	 {Topographic organization of medial pulvinar connections with the prefrontal cortex in the rhesus monkey},
  journal = 	 {J. Comp. Neurol},
  year = 	 {1997},
  OPTkey = 	 {},
  OPTvolume = 	 {379},
  OPTnumber = 	 {3},
  OPTpages = 	 {313-332},
  OPTmonth = 	 {},
  OPTnote = 	 {},
  OPTannote = 	 {}
}

@Article{Huisman04,
  author = 	 {T A G M Huisman and L H Schwamm and P W Schaefer and W J Koroshetz and N Shetty-Alva and Y Ozsunar and O Wu and A G Sorensen},
  title = 	 {Diffusion tensor imaging as potential biomarker of white matter injury in diffuse axonal injury},
  journal = 	 {American Journal of Neuroradiology},
  year = 	 {2004},
  OPTkey = 	 {},
  OPTvolume = 	 {25},
  OPTnumber = 	 {},
  OPTpages = 	 {370-376},
  OPTmonth = 	 {},
  OPTnote = 	 {},
  OPTannote = 	 {}
}



@Article{Smith2006,
  author = 	 {S M Smith and M Jenkinson and H Johansen-Berg and D Rueckert and T E Nichols and C E Mackay and K E Watkins and O Ciccarelli and M Z Cader and P M Matthews and T E J Behrens},
  title = 	 {Tract-based spatial statistics: Voxelwise analysis of multi-subject diffusion data},
  journal = 	 {NeuroImage},
  year = 	 {2006},
  OPTkey = 	 {},
  OPTvolume = 	 {31},
  OPTnumber = 	 {},
  OPTpages = 	 {1487-1505},
  OPTmonth = 	 {},
  OPTnote = 	 {},
  OPTannote = 	 {}
}

@Article{Ding2003,
  author = 	 {Z Ding and J C Gore and A W Anderson},
  title = 	 {Classification and quantification of neuronal fiber pathways using diffusion tensor MRI},
  journal = 	 {Magnetic Resonance in Medicine},
  year = 	 {2003},
  OPTkey = 	 {},
  OPTvolume = 	 {49},
  OPTnumber = 	 {4},
  OPTpages = 	 {716-721},
  OPTmonth = 	 {},
  OPTnote = 	 {},
  OPTannote = 	 {}
}



@Article{Jones2005,
  author = 	 {D K Jones and M Catani and C Pierpaoli and S J C Reeves and S S Shergill and M O'Sullivan and P Golesworthy and P McGuire and M A Horsfield and A Simmons and S C R Williams and R J Howard},
  title = 	 {Age effects on diffusion tensor magnetic resonance imaging tractography measures of frontal cortex connections in schizophrenia},
  journal = 	 {Human Brain Mapping},
  year = 	 {2005},
  OPTkey = 	 {},
  OPTvolume = 	 {27},
  OPTnumber = 	 {3},
  OPTpages = 	 {230-238},
  OPTmonth = 	 {},
  OPTnote = 	 {},
  OPTannote = 	 {}
}

@InProceedings{Fillard2003,
  author = 	 {P Fillard and J Gilmore and W Lin and J Piven and G Gerig},
  title = 	 {Quantitative analysis of white matter fiber properties along geodesic paths},
  booktitle = 	 {Medical Image Computing and Computer-Assisted Intervention},
  OPTcrossref =  {},
  OPTkey = 	 {},
  OPTpages = 	 {16-23},
  year = 	 {2003},
  OPTeditor = 	 {},
  volume = 	 {2879 of Lecture Notes in Computer Science},
  OPTnumber = 	 {},
  OPTseries = 	 {},
  OPTaddress = 	 {},
  OPTmonth = 	 {},
  OPTorganization = {},
  OPTpublisher = {},
  OPTnote = 	 {},
  OPTannote = 	 {}
}

