% This file was created with JabRef 2.3.1.
% Encoding: UTF-8

@BOOK{McHenry1969,
  title = {Garrison's history of neurology--revised and enlarged with a bibliography
	of classical, original, and standard works in neurology},
  publisher = {Charles C Thomas},
  year = {1969},
  author = {L C McHenry},
  owner = {jeff},
  timestamp = {2009.08.10}
}

@comment{jabref-meta: selector_publisher:}

@comment{jabref-meta: selector_author:}

@comment{jabref-meta: selector_journal:}

@comment{jabref-meta: selector_keywords:}

