@Article{basser:mrm:2000,
  author = 	 {P.J. Basser, S. Pajevic, C. Peirpaoli, J. Duda, A. Aldbroubi },
  title = 	 {In Vivo Fiber Tractography using DT-MRI Data},
  journal = 	 {Magnetic Resonance in Medicine},
  year = 	 {2000},
  OPTkey = 	 {},
  OPTvolume = 	 {44},
  OPTnumber = 	 {4},
  OPTpages = 	 {625-32},
  OPTmonth = 	 {October},
  OPTnote = 	 {},
  OPTannote = 	 {}
}


@Article{basser:ismrm:2000,
  author = 	 {P. Basser, S. Pajevic, C. Peirpaoli, A. Aldroubi, J. Duda},
  title = 	 {Fiber-Tractography in Human Brain Using Diffusion Tensor MRI (DT-MRI)},
  journal = 	 {Proceedings of Magnetic Resonance in Medicine},
  year = 	 {2000},
  OPTkey = 	 {},
  OPTvolume = 	 {8},
  OPTnumber = 	 {1},
  OPTpages = 	 {784},
  OPTmonth = 	 {},
  OPTnote = 	 {},
  OPTannote = 	 {}
}


@InProceedings{gee:isbi:2002,
  author = 	 {J.C. Gee, D.C. Alexander, M. Rivera, J.T. Duda},
  title = 	 {Non-Rigid Registration of Diffusion Tensor MR Images},
  booktitle = 	 {},
  OPTcrossref =  {},
  OPTkey = 	 {},
  OPTpages = 	 {477-480},
  OPTyear = 	 {2002},
  OPTeditor = 	 {},
  OPTvolume = 	 {1},
  OPTnumber = 	 {},
  OPTseries = 	 {},
  OPTaddress = 	 {},
  OPTmonth = 	 {July},
  OPTorganization = {IEEE Internations Symposium on Biomedical Imaging},
  OPTpublisher = {},
  OPTnote = 	 {},
  OPTannote = 	 {}
}

@InProceedings{duda:spie:2003,
  author = 	 {J.T. Duda, M. Rivera, D.C. Alexander, J.C. Gee},
  title = 	 {A Method for Non-Rigid Registration of Diffusion Tensor MR Data},
  booktitle = 	 {},
  OPTcrossref =  {},
  OPTkey = 	 {},
  OPTpages = 	 {},
  OPTyear = 	 {2003},
  OPTeditor = 	 {},
  OPTvolume = 	 {},
  OPTnumber = 	 {},
  OPTseries = 	 {},
  OPTaddress = 	 {},
  OPTmonth = 	 {},
  OPTorganization = {SPIE Medical Imaging},
  OPTpublisher = {},
  OPTnote = 	 {},
  OPTannote = 	 {}
}

@Book{guyton,
  ALTauthor = 	 {A.C. Guyton, J.E. Hall},
  ALTeditor = 	 {},
  title = 	 {Textbook of Medical Physiology},
  publisher = 	 {W.B. Saunders Company},
  year = 	 {1996},
  OPTkey = 	 {},
  OPTvolume = 	 {},
  OPTnumber = 	 {},
  OPTseries = 	 {},
  OPTaddress = 	 {},
  OPTedition = 	 {9th},
  OPTmonth = 	 {},
  OPTnote = 	 {},
  OPTannote = 	 {}
}

