% This file was created with JabRef 2.4.2.
% Encoding: UTF-8

@ARTICLE{Abe2004,
  author = {Abe, O and Masutani, Y and Yamasue, H and Yamada, H and Kasai, K
	and Mori, H and Hayashi, N and Masumoto, T and Ohtomo, K},
  title = {Topopgraphy of the human corpus callosum using diffusion tensor tractography},
  journal = {NeuroImage},
  year = {2004},
  volume = {28},
  pages = {533-539}
}

@ARTICLE{Aboitz1992,
  author = {Aboitz, Francisco and Scheibel, Arnold B and Fisher, Robin S and
	Zaidel, Eran},
  title = {Fiber composition of the human corpus callosum},
  journal = {Brain Research},
  year = {1992},
  volume = {598},
  pages = {143-153}
}

@ARTICLE{Avants2006,
  author = {Avants, B A and Schoenemann, P T and Gee, J C},
  title = {Lagrangian frame diffeomorphic image registration: Morphometric comparison
	of human and chimpanzee cortex},
  journal = {Medical Image Analysis},
  year = {2006},
  volume = {10},
  pages = {397-412},
  number = {3}
}

@ARTICLE{Basser1994,
  author = {Basser, P J and Mattiello, J and LeBihan, D},
  title = {{MR} diffusion tensor spectroscopy and imaging},
  journal = {Biophysics Journal},
  year = {1994},
  volume = {66},
  pages = {259-267}
}

@ARTICLE{Basser2000,
  author = {Basser, P J and Pajevic, S and Peirpaoli, C and Aldroubi, A and Duda,
	J T},
  title = {In vivo fiber tractography using {DT-MRI} data},
  journal = {Magnetic Resonance in Medicine},
  year = {2000},
  volume = {44},
  pages = {625-632},
  number = {4}
}

@ARTICLE{Behrens2003,
  author = {Behrens, TE and Johansen-Berg, H and Woolrich, MW and Smith, SM and
	Wheeler-Kingshott, CA and Boulby, PA and Barker, GJ and Sillery,
	EL and Sheehan, K and Ciccarelli, O and Thomposon, AJ and Brady,
	JM and Matthews, PM},
  title = {Non-invasive mapping of connections between human thalamus and cortex
	using diffusion imaging},
  journal = {Nature Neuroscience},
  year = {2003},
  volume = {6},
  pages = {750-757}
}

@ARTICLE{Clarke1995,
  author = {Clarke, S and de Ribaupierre, F and Bajo, V M and Rouiller, E M and
	Kraftsik, R},
  title = {The auditory pathway in cat corpus callosum},
  journal = {Experimental Brain Research},
  year = {1995},
  volume = {104},
  pages = {534-540}
}

@INPROCEEDINGS{CookMICCAI2005,
  author = {Cook, P A and Zhang, H and Avants, B and Yushkevich, P and Alexander,
	D C and Gee, J C and Ciccarelli, O and Thompson, A J},
  title = {An automated approach to connectivity-based partitioning of brain
	structures},
  booktitle = {Medical Image Computing and Computer-Assisted Intervention},
  year = {2005},
  volume = {3749 of Lecture Notes in Computer Science},
  pages = {164-171}
}

@ARTICLE{DeLacoste1985,
  author = {{De Lacoste}, M C and Kirkpatrick, J B and Ross, E D},
  title = {Topography of the human corpus callosum},
  journal = {Neuropathology and Experimental Neurology},
  year = {1985},
  volume = {44},
  pages = {578-591},
  number = {6}
}

@INPROCEEDINGS{DudaISMRM2007,
  author = {Duda, J T and Zhang, H and Sun, H and Simon, T J and Gee, J C},
  title = {Fiber statistics in the corpus callosum},
  booktitle = {Proceedings of ISMRM 15},
  year = {2007},
  pages = {5760}
}

@INBOOK{GeeTensorBook,
  chapter = {Anatomy-based visualizations of diffusion tensor images of brain
	white matter},
  pages = {155-163},
  title = {Visualization and Image Processing of Tensor Fields},
  publisher = {Springer},
  year = {2005},
  editor = {Welckert, J and and Hagen, H},
  author = {Gee, J C and Zhang, H and Dubb, A and Avants, B A and Yushkevich,
	P A and Duda, J T}
}

@INPROCEEDINGS{GeeHBM2005,
  author = {Gee, J C and Zhang, H and Dubb, A and Avants, B A and Yushkevich,
	P A and Duda, J T},
  title = {Automated {DTI}-based parcellation of brain white matter},
  booktitle = {International Conference on Human Brain Mapping},
  year = {2005}
}

@ARTICLE{Hofer2006,
  author = {Hofer, Sabine and Frahm, Jens},
  title = {Topography of the human corpus callosum revisted - Comprehensive
	fiber tractography using diffusion tensor magnetic resonance imaging},
  journal = {NeuroImage},
  year = {2006},
  volume = {32},
  pages = {989-994}
}

@ARTICLE{Huang2005,
  author = {Huang, H and Zhang, J and Jiang, H and Wakana, S and Poetscher, L
	and Miller, M I and {van Zijl}, P C and Hillis, A E and Wytik, R
	and Mori, S},
  title = {{DTI} tractography based parcellation of white matter: application
	to the mid-sagittal morphology of corpus callosum},
  journal = {NeuroImage},
  year = {2005},
  volume = {15},
  pages = {195-205}
}

@ARTICLE{Mori99b,
  author = {S Mori and B J Crain and V P Chacko and P C M {van Zijl}},
  title = {Three-dimensional tracking of axonal projections in the brain by
	magnetic resonance imaging},
  journal = {Annals of Neurology},
  year = {1999},
  volume = {45},
  pages = {265-269}
}

@ARTICLE{Pandya1971,
  author = {Pandya, D N and Karol, E A and Heilbronn, D},
  title = {The topographical distribution of interhemispheric projections in
	the corpus callosum of the Rhesus monkey},
  journal = {Brain Research},
  year = {1971},
  volume = {32},
  pages = {31-43}
}

@ARTICLE{Parker03,
  author = {G J M Parker and C A M Wheeler-Kingshott and H A Haroon},
  title = {A Framework for a streamline-based probabilistic index of connectivity
	({PICo}) using a structural interpretation of {MRI} diffusion measurements},
  journal = {Journal of Magnetic Resonance Imaging},
  year = {2003},
  volume = {18},
  pages = {242-254}
}

@ARTICLE{Peters2002,
  author = {Peters, M and Oeltze, S and Seminowicz, D and Steinmetz, H and Koeneke,
	S and Jancke, L},
  title = {Division of the corpus callosum into subregions},
  journal = {Brain and Cog.},
  year = {2002},
  volume = {50},
  pages = {62-72}
}

@ARTICLE{Pierpaoli1996,
  author = {Pierpaoli, C and Jezzard, P and Basser, P J and Barnett, A and DiChiro,
	G},
  title = {Diffusion tensor {MR} imaging of the human brain},
  journal = {Radiology},
  year = {1996},
  volume = {201},
  pages = {637-648}
}

@ARTICLE{Rajapakse1996,
  author = {Rajapakse, J C and Giedd, J N and Rumsey J M and Vaituzis, A C and
	Hamburger, S D and Rapoport, J L},
  title = {Regional MRI measurements of the corpus callosum: a methodological
	and developmental study},
  journal = {Brain and Development},
  year = {1996},
  volume = {18},
  pages = {379-388}
}

@ARTICLE{MRICRO,
  author = {Rorden, C and Brett, M},
  title = {Stereotaxic display of brain lesions.},
  journal = {Behavioural Neurology},
  year = {2000},
  volume = {12},
  pages = {191-200}
}

@INPROCEEDINGS{SunHBM2006,
  author = {Sun, H and Yushkevich, P A and Zhang, H and Simon, T J and Gee, J
	C},
  title = {Probabilistic connectivity analysis in the corpus callosum using
	a shape-based coordinate frame},
  booktitle = {International Conference on Human Brain Mapping},
  year = {2006}
}

@ARTICLE{Virgilio1997,
  author = {Virgilio, G D and Clarke, S},
  title = {Direct interhemispheric visual input to human speech areas},
  journal = {Human Brain Mapping},
  year = {1997},
  volume = {5},
  pages = {347-354}
}

@ARTICLE{Witelson1989,
  author = {Witelson, Sandra F},
  title = {Hand and sex differences in the isthmus and genu of the human corpus
	callosum: A postmortem morphological study},
  journal = {Brain},
  year = {1989},
  volume = {112},
  pages = {799-835}
}

@ARTICLE{ITKSNAP,
  author = {Paul A. Yushkevich and Joseph Piven and Cody Hazlett, Heather and
	Gimpel Smith, Rachel and Sean Ho and James C. Gee and Guido Gerig},
  title = {User-Guided {3D} Active Contour Segmentation of Anatomical Structures:
	Significantly Improved Efficiency and Reliability},
  journal = {Neuroimage},
  year = {2006},
  note = {To appear}
}

