
@Article{Witelson1989,
  author = {S F Witelson},
  title = {Hand and sex differences in the isthmus and genu of the human corpus callosum: A postmortem morphological study},
  journal = {Brain},
  year = {1989},
  volume = {112},
  pages = {799-835}
}

@Book{Brodmann1909,
  author = 	 {K Brodmann},
  title = 	 {Vergleichende Lokalisationslehre der Grosshirnrinde in ihren Prinzipien dargestellt auf Grund des Zellenbaues},
  publisher =    {Johann Ambrosius Barth Verlag},
  year = 	 {1909}
}

@Article{Hofer2006,
  author = {Hofer, S and Frahm, J},
  title = {Topography of the human corpus callosum revisted - Comprehensive fiber tractography using diffusion tensor magnetic resonance imaging},
  year = {2006},
  journal = {NeuroImage},
  volume = {32},
  pages = {989-994}
}

@Article{Ota2006,
  author = 	 {Ota, M and Obata, T and Akie, Y and Ito, H and Ikehira, H and Asada, T and Suhara R},
  title = 	 {Age-related degeneration of corpus callosum measured with diffusion tensor imaging},
  journal = 	 {NeuroImage},
  year = 	 {2006},
  OPTkey = 	 {},
  volume = 	 {31},
  pages = 	 {1445-1452},
  OPTmonth = 	 {},
  OPTnote = 	 {},
  OPTannote = 	 {}
}

@Article{Highley1999,
  author = 	 {Highley, JR and Esiri, ME and McDonald, B and Cortina-Borja, M and Herron, BM and Crow TJ},
  title = 	 {The size and fiber composition of the corpus callosum with respect to gender and schizophrenia: a post-mortem study},
  journal = 	 {Brain},
  year = 	 {1999},
  volume = 	 {122},
  pages = 	 {99-110},
}

@InProceedings{Smith2002,
  author = 	 {Smith, SM},
  title = 	 {Fast robust automated brain extraction},
  booktitle = 	 {Human Brain Mapping},
  pages = 	 {143-155},
  year = 	 {2002},
  volume = 	 {17},
  OPTnumber = 	 {3}
}

@Article{Allen1991,
  author = 	 {Allen, SA and Richey, MR and Chai, YM and Gorski, RA},
  title = 	 {Sex differences in the corpus callosum of the living human being},
  journal = 	 {The Journal of Neuroscience},
  year = 	 {1991},
  volume = 	 {11},
  number = 	 {4},
  pages = 	 {933-942},
}

@Article{Aboitz1992,
  author = 	 {Aboitz, Francisco and Scheibel, Arnold B and Fisher, Robin S and Zaidel, Eran},
  title = 	 {Fiber composition of the human corpus callosum},
  journal = 	 {Brain Research},
  volume =       {598},
  year = 	 {1992},
  pages = 	 {143-153}
}

@Article{Abe2004,
  author = 	 {Abe, O and Masutani, Y and Yamasue, H and Yamada, H and Kasai, K and Mori, H and Hayashi, N and Masumoto, T and Ohtomo, K},
  title = 	 {Topopgraphy of the human corpus callosum using diffusion tensor tractography},
  journal = 	 {NeuroImage},
  year = 	 {2004},
  volume = 	 {28},
  pages = 	 {533-539}
}

@Article{Huang2005,
  author = 	 {Huang, H and Zhang, J and Jiang, H and Wakana, S and Poetscher, L and Miller, M I and {van Zijl}, P C and Hillis, A E and Wytik, R and Mori, S},
  title = 	 {{DTI} tractography based parcellation of white matter: application to the mid-sagittal morphology of corpus callosum},
  journal = 	 {NeuroImage},
  year = 	 {2005},
  volume = 	 {15},
  pages = 	 {195-205}
}

@Article{Clarke1995,
  author = 	 {Clarke, S and de Ribaupierre, F and Bajo, V M and Rouiller, E M and Kraftsik, R},
  title = 	 {The auditory pathway in cat corpus callosum},
  journal = 	 {Experimental Brain Research},
  year = 	 {1995},
  volume = 	 {104},
  pages = 	 {534-540}
}

@Article{Basser1994,
  author = 	 {Basser, P J and Mattiello, J and LeBihan, D},
  title = 	 {{MR} diffusion tensor spectroscopy and imaging},
  journal = 	 {Biophysics Journal},
  year = 	 {1994},
  volume = 	 {66},
  pages = 	 {259-267}
}

@Article{Pierpaoli1996,
  author = 	 {Pierpaoli, C and Jezzard, P and Basser, P J and Barnett, A and DiChiro, G},
  title = 	 {Diffusion tensor {MR} imaging of the human brain},
  journal = 	 {Radiology},
  year = 	 {1996},
  volume = 	 {201},
  pages = 	 {637-648}
}

@Article{Behrens2003,
  author = 	 {Behrens, TE and Johansen-Berg, H and Woolrich, MW and Smith, SM and Wheeler-Kingshott, CA and Boulby, PA and Barker, GJ and Sillery, EL and Sheehan, K and Ciccarelli, O and Thomposon, AJ and Brady, JM and Matthews, PM},
  title = 	 {Non-invasive mapping of connections between human thalamus and cortex using diffusion imaging},
  journal = 	 {Nature Neuroscience},
  year = 	 {2003},
  volume = 	 {6},
  pages =        {750-757}
}

@Article{Thottakara2006,
  author = 	 {P Thottakara and M Lazar and S C Johnson and A L Alexander},
  title = 	 {Application of Brodmann's area templates for {ROI} selection in white matter tractography studies},
  journal = 	 {NeuroImage},
  year = 	 {2006},
  volume = 	 {29},
  pages = 	 {868-878}
}

@Article{Mori1999,
  author = 	 {Mori},
  title = 	 {Title},
  journal = 	 {NeuroImage},
  year = 	 {1999},
  OPTkey = 	 {},
  OPTvolume = 	 {},
  OPTnumber = 	 {},
  OPTpages = 	 {},
  OPTmonth = 	 {},
  OPTnote = 	 {},
  OPTannote = 	 {}
}

@article{Mori99b,
author = "S Mori and B J Crain and V P Chacko and P C M {van Zijl}",
title = "Three-dimensional tracking of axonal projections in the brain by magnetic resonance imaging",
year = "1999",
journal = "Annals of Neurology",
volume = 45,
pages = "265-269",
}

@Article{Basser2000,
  author = 	 {Basser, P J and Pajevic, S and Peirpaoli, C and Aldroubi, A and Duda, J T},
  title = 	 {In vivo fiber tractography using {DT-MRI} data},
  journal = 	 {Magnetic Resonance in Medicine},
  year = 	 {2000},
  volume = 	 {44},
  number = 	 {4},
  pages = 	 {625-632}
}

@Article{Avants2006,
  author = 	 {Avants, B A and Schoenemann, P T and Gee, J C},
  title = 	 {Lagrangian frame diffeomorphic image registration: Morphometric comparison of human and chimpanzee cortex},
  journal = 	 {Medical Image Analysis},
  year = 	 {2006},
  volume = 	 {10},
  number = 	 {3},
  pages = 	 {397-412}
}

@ARTICLE{ITKSNAP,
  author = {Yushkevich, PA and Piven, J and Hazlett,C and Smith, H and Smith, G and Ho, S and Gee, JC and Gerig, G},
  title = {User-Guided {3D} Active Contour Segmentation of Anatomical Structures: Significantly Improved Efficiency and Reliability},
  journal = {Neuroimage},
  year = {2006},
  volume = {31},
  number = {3},
  pages = {1116-1128}
}

@Article{Virgilio1997,
  author = 	 {Virgilio, G D and Clarke, S},
  title = 	 {Direct interhemispheric visual input to human speech areas},
  journal = 	 {Human Brain Mapping},
  year = 	 {1997},
  volume = 	 {5},
  pages = 	 {347-354}
}

@Article{DeLacoste1985,
  author = 	 {{De Lacoste}, M C and Kirkpatrick, J B and Ross, E D},
  title = 	 {Topography of the human corpus callosum},
  journal = 	 {Neuropathology and Experimental Neurology},
  year = 	 {1985},
  volume = 	 {44},
  number = 	 {6},
  pages = 	 {578-591}
}

@Article{Pandya1971,
  author = 	 {Pandya, D N and Karol, E A and Heilbronn, D},
  title = 	 {The topographical distribution of interhemispheric projections in the corpus callosum of the Rhesus monkey},
  journal = 	 {Brain Research},
  year = 	 {1971},
  volume = 	 {32},
  pages = 	 {31-43}
}

@Article{Rajapakse1996,
  author = 	 {Rajapakse, J C and Giedd, J N and Rumsey J M and Vaituzis, A C and Hamburger, S D and Rapoport, J L},
  title = 	 {Regional MRI measurements of the corpus callosum: a methodological and developmental study},
  journal = 	 {Brain and Development},
  year = 	 {1996},
  volume = 	 {18},
  pages = 	 {379-388}
}

@Article{Peters2002,
  author = 	 {Peters, M and Oeltze, S and Seminowicz, D and Steinmetz, H and Koeneke, S and Jancke, L},
  title = 	 {Division of the corpus callosum into subregions},
  journal = 	 {Brain and Cog.},
  year = 	 {2002},
  volume = 	 {50},
  pages = 	 {62-72}
}

@article{MRICRO,
  author = "Rorden, C and Brett, M",
  title = "Stereotaxic display of brain lesions.",
  journal = "Behavioural Neurology",
  year = "2000",
  volume = "12",
  pages = "191-200",
}

@article{Parker03,
  author = "G J M Parker and C A M Wheeler-Kingshott and H A Haroon",      
  title = "A Framework for a streamline-based probabilistic index of connectivity ({PICo}) using a structural interpretation of {MRI} diffusion measurements" ,      
  journal = "Journal of Magnetic Resonance Imaging",     
  year = "2003"  ,      
  volume = "18",
  pages = "242-254" ,      
}  

@InProceedings{StynerMICCAI2005,
  author = 	 {Styner, MA and Oguz, I and Smith, RG and Cascio, C and Jomier, M},
  title = 	 {Corpus Callosum subdivision based on a probablistic model of inter-hemispheric connectivity},
  booktitle = 	 {Medical Image Computing and Computer-Assisted Intervention},
  year = 	 {2005},
  pages =        {765-772},
  volume = 	 {3749 of Lecture Notes in Computer Science}
}

@InProceedings{Cook2006,
  author = 	 {P A Cook and Y Bai and S Nedjati-Gilani and K K Seunarine and M G Hall and G J Parker and D C Alexander},
  title = 	 {Camino: open-source diffusion-{MRI} reconstruction and processing},
  booktitle = 	 {Proceedings of ISMRM 14},
  year = 	 {2006},
  pages = 	 {2759}
}

% Corpus callosum - autism
@Article{Vidal2006,
  author = 	 {C N Vidal and R Nicolson and T J DeVito and K M Hayashi and J A Geaga and D J Drost and P C Williamson and N Rajakumar and Y Sui and R A Dutton and A W Toga and P M Thompson},
  title = 	 {Mapping Corpus Callosum Deficits in Autism: An Index of Aberrant Cortical Connectivity},
  journal = 	 {Biological Psychiatry},
  year = 	 {2006},
  volume = 	 {60},
  number = 	 {3},
  pages = 	 {218-225}
}

% corpus callosum - alzeheimer's
@Article{Teipel1998,
  author = 	 {S J Teipel and H Hampel and G E Alexander and  M B Schapiro and B Horwitz and D Teichberg and E Daley and H Hippius and H J Möller and S I Rapoport},
  title = 	 {Dissociation between corpus callosum atrophy and white matter pathology in Alzheimer's disease},
  journal = 	 {Neurology},
  year = 	 {1998},
  volume = 	 {51},
  pages = 	 {1381-1385}
}

@Article{Marton1991,
  author = 	 {A D Gean-Marton and L G Vezina and K I Marton and G K Stimac and R G Peyster and J M Taveras and K R Davis},
  title = 	 {Abnormal corpus callosum: a senstive and specific indicator of multiple sclerosis},
  journal = 	 {Radiology},
  year = 	 {1991},
  volume = 	 {180},
  pages = 	 {215-221}
}

@Article{Yamauchi2000,
  author = 	 {H Yamauchi and H Fukuyama and Y Nagahama and Y Katsumi and T Hayashi and C Oyanagi and J Konishi and H Shio},
  title = 	 {Comparison of the pattern of atrophy of the corpus callosum in frontotemporal dementia, progressive supranuclear palsy, and Alzheimer's disease },
  journal = 	 {J Neurol Neurosurg Psychiatry},
  year = 	 {2000},
  volume = 	 {69},
  pages = 	 {623-629}
}

@PhdThesis{Bingham1964,
  author = 	 {C Bingham},
  title = 	 {Distributions on the sphere and on the projective plane},
  school = 	 {Yale University},
  year = 	 {1964}
}

@Article{Bingham1974,
  author = 	 {C Bingham},
  title = 	 {An antipodally symmetric distribution on the sphere},
  journal = 	 {Annals of Statistics},
  year = 	 {1974},
  volume = 	 {2},
  pages = 	 {1201-1225}
}

% Make these anon ?

@InProceedings{DudaISMRM2007,
  author = 	 {Duda, J T and Zhang, H and Sun, H and Simon, T J and Gee, J C},
  title = 	 {Fiber statistics in the corpus callosum},
  booktitle = 	 {Proceedings of ISMRM 15},
  year = 	 {2007},
  pages =        {5760}
}

@InProceedings{CookMICCAI2005,
  author = 	 {Cook, P A and Zhang, H and Avants, B and Yushkevich, P and Alexander, D C and Gee, J C and Ciccarelli, O and Thompson, A J},
  title = 	 {An automated approach to connectivity-based partitioning of brain structures},
  booktitle = 	 {Medical Image Computing and Computer-Assisted Intervention},
  pages = 	 {164-171},
  year = 	 {2005},
  volume = 	 {3749 of Lecture Notes in Computer Science}
}

@InProceedings{SunHBM2006,
  author = 	 {Sun, H and Yushkevich, P A and Zhang, H and Simon, T J and Gee, J C},
  title = 	 {Probabilistic connectivity analysis in the corpus callosum using a shape-based coordinate frame},
  booktitle = 	 {International Conference on Human Brain Mapping},
  year = 	 {2006}
}

@InProceedings{GeeHBM2005,
  author = 	 {Gee, J C and Zhang, H and Dubb, A and Avants, B A and Yushkevich, P A and Duda, J T},
  title = 	 {Automated {DTI}-based parcellation of brain white matter},
  booktitle = 	 {International Conference on Human Brain Mapping},
  year = 	 {2005}
}

@InBook{GeeTensorBook,
  author = 	 {Gee, JC and Zhang, H and Dubb, A and Avants, BA and Yushkevich, PA and Duda, JT},
  title = 	 {Visualization and Image Processing of Tensor Fields},
  chapter = 	 {Anatomy-based visualizations of diffusion tensor images of brain white matter},
  publisher = 	 {Springer},
  year = 	 {2005},
  pages = 	 {155-163}
}



%# De Lacoste MC, Kirkpatrick, JB, Ross ED. Topography of the human corpus callosum. J. Neuropathol. Exp. Neurol. 1985;44:578591.
%# Pandya DN, Karol EA, Heilbronn D. The topographical distribution of interhemispheric projections in the corpus callosum of the rhesus monkey. Brain Res. 1971; 32:31-43.
%# Meyer BU, Röricht S, Woiciechowsky C. Topography of fibers in the human corpus callosum mediating interhemispheric inhibition between the motor cortices. Ann Neurol. 1998; 43:360-369.
%# Pandya DN, Seltzer B. The topography of commisural fibers. In: Leporé F, Ptito M, Jasper HH, eds. Two Hemispheres, One Brain: Functions of the Corpus Callosum, pp. 47-73. Proceedings of the Sixth International Symposium of the Centre de recherche en sciences neurologiques of the Université de Montréal, Québec, Canada, 1984. New York: Alan R. LIss, Inc.
%# Schmahmann J and Pandya DN. Fiber Pathways of the Brain. 2006. New York: Oxford University Press.
%# Zaidel E and Iacoboni M, eds. The Parallel Brain: The Cognitive Neuroscience of the Corpus Callosum. 2003. Cambridge, Massachusetts: The MIT Press.